@book{gold,
  author={Antony R. Unwin and Martin Theus and Heike Hofmann},
  title={Graphics of Large Datasets: Visualizing a Million},
  publisher={Springer},
  address={New York},
  year={2006},
  isbn={9780387329062}
}

@article{alvarezmelis:2018, 
  author = {Alvarez-Melis, David and Jaakkola, Tommi S}, 
  title = {On the Robustness of Interpretability Methods}, 
  eprint = {1806.08049},
  year = {2018}
}

@article{bau:2017, 
  author = {Bau, David and Zhou, Bolei and Khosla, Aditya and Oliva, 
  Aude and Torralba, Antonio}, 
  title = {Network Dissection: Quantifying Interpretability of Deep
  Visual Representations}, 
  eprint = {1704.05796},
  year = {2017}
}

@article{becker:1996,
  author = {Becker, Richard A and Cleveland, William S and Shyu, Ming-Jen},
  title = {{The Visual Design and Control of Trellis Display}},
  journal = {Journal of Computational and Graphical Statistics},
  year = {1996},
  volume = {5},
  number = {2},
  pages = {123--155},
  month = jun,
  doi = {10.1080/10618600.1996.10474701},
  language = {English},
  rating = {0},
  date-added = {2020-04-22T13:59:59GMT},
  date-modified = {2020-04-22T14:00:17GMT},
  url = {http://www.tandfonline.com/doi/abs/10.1080/10618600.1996.10474701},
  uri = {\url{papers3://publication/doi/10.1080/10618600.1996.10474701}}
}

@article{carr:1987,
  author = {Carr, D B and Littlefield, R J and Nicholson, W L and Littlefield, J S},
  title = {{Scatterplot Matrix Techniques for Large N}},
  journal = {Journal of the American Statistical Association},
  year = {1987},
  volume = {82},
  number = {398},
  pages = {424--436},
  month = jun,
  doi = {10.1080/01621459.1987.10478445},
  language = {English},
  rating = {0},
  date-added = {2020-07-15T13:35:24GMT},
  date-modified = {2020-07-15T13:35:49GMT},
  url = {http://www.tandfonline.com/doi/abs/10.1080/01621459.1987.10478445},
  uri = {\url{papers3://publication/doi/10.1080/01621459.1987.10478445}}
}

@article{emerson:2013,
  author = {Emerson, John W. and Green, Walton A. and Schloerke, Barret and Crowley, 
  Jason and Cook, Dianne and Hofmann, Heike and Wickham, Hadley}, 
  title = {{The Generalized Pairs Plot}}, 
  issn = {1061-8600},   
  doi = {10.1080/10618600.2012.694762},
  pages = {79--91}, 
  number = {1}, 
  volume = {22}, 
  journal = {Journal of Computational and Graphical Statistics}, 
  year = {2013}
}

@article{fisher:2018, 
  author = {Fisher, Aaron and Rudin, Cynthia and Dominici, Francesca}, 
  title = {{Model Class Reliance: Variable Importance Measures for any    
  Machine Learning Model Class, from the “Rashomon” Perspective}}, 
  eprint = {1801.01489v1}, 
  url = {https://arxiv.org/pdf/1801.01489v1.pdf}, 
  year = {2018}
}

@article{friedman:2001, 
  author = {Friedman, Jerome H.}, 
  title = {Greedy function approximation: A gradient boosting machine.}, 
  issn = {0090-5364}, 
  doi = {10.1214/aos/1013203451},
  number = {5}, 
  volume = {29}, 
  journal = {The Annals of Statistics},
  year = {2001}
}

@article{gilpin:2018,
  author = {Gilpin, Leilani H and Bau, David and Yuan, Ben Z and Bajwa,
  Ayesha and Specter, Michael and Kagal, Lalana}, 
  title = {{Explaining Explanations: An Overview of Interpretability of     
  Machine Learning}}, 
  eprint = {1806.00069}, 
  year = {2018}
}

@Manual{goode:2020,
    title = {limeaid: Diagnose LIME Explanations},
    author = {Katherine Goode},
    year = {2020},
    note = {R package version 0.0.1},
  }
  
@article{goodman:2016, 
  title = {European Union regulations on algorithmic decision-making
  and a "right to explanation"}, 
  author = {Goodman, Bryce and Flaxman, Seth},
  doi = {10.1609/aimag.v38i3.2741}, 
  arxiv = {1606.08813}, 
  year = {2016}
}

@article{gower:1971, 
  title = {A General Coefficient of Similarity and Some of Its Properties}, 
  author = {Gower, J. C.}, 
  journal = {Biometrics}, 
  volume = {27}, 
  pages = {857--871}, 
  url = { https://www.jstor.org/stable/2528823}, 
  doi = {10.2307/2528823}, 
  read = {false}, 
  year = {1971}
}

@article{guidotti:2018, 
  author = {Guidotti, Riccardo and Monreale, Anna and Ruggieri, Salvatore 
  and Turini, Franco and Pedreschi, Dino and Giannotti, Fosca}, 
  title = {A Survey Of Methods For Explaining Black Box Models}, 
  eprint = {1802.01933},
  year = {2018}
}

@article{hamby:2009, 
  author = {Hamby, James E. and Brundage, David J. and Thorpe, James W.},
  title = {The Identification of Bullets Fired from 10 Consecutively
  Rifled 9mm Ruger Pistol Barrels: A Research Project Involving 507
  Participants from 20 Countries},
  pages = {99--110}, 
  number = {2}, 
  volume = {41}, 
  journal = {AFTE Journal},
  local-url = {file://localhost/Users/katherinegoode/Documents/Papers%20Library/Hamby-2009-AFTE%20Journal.pdf}, 
  year = {2009}
}

@article{hare:2016,
	Archiveprefix = {arXiv},
	Author = {{Hare}, Eric and {Hofmann}, Heike and {Carriquiry}, Alicia},
	Doi = {http://adsabs.harvard.edu/abs/2016arXiv160105788H},
	Eprint = {1601.05788},
	Journal = {Annals of Applied Statistics},
	Month = jan,
	Primaryclass = {stat.AP},
	Title = {Automatic Matching of Bullet Lands},
	Year = 2016,
	Bdsk-Url-1 = {http://adsabs.harvard.edu/abs/2016arXiv160105788H}
}

@article{hummel:1996,
   author =  {J\"urgen Hummel},
   title =   {Linked Bar Charts: Analysing Categorical Data Graphically.},
   year =    1996,
   pages =   {23-33},
   journal = {Journal of Computational Statistics},
   volume =  11,
}

@article{jensen:2011,
  author = {Jensen, Melinda S and Yao, Richard and Street, Whitney N 
  and Simons, Daniel J}, 
  title = {{Change blindness and inattentional blindness.}}, 
  issn = {1939-5078}, 
  doi = {10.1002/wcs.130}, 
  pmid = {26302304}, 
  pages = {529--46}, 
  number = {5}, 
  volume = {2}, 
  journal = {Wiley interdisciplinary reviews. Cognitive science}, 
  year = {2011}
}

@article{laugel:2018,
  author = {Thibault Laugel and
            Xavier Renard and
            Marie{-}Jeanne Lesot and
            Christophe Marsala and
            Marcin Detyniecki},
  title = {Defining Locality for Surrogates in Post-hoc Interpretablity},
  journal = {CoRR},
  volume = {abs/1806.07498},
  year = {2018},
  url = {http://arxiv.org/abs/1806.07498},
  archivePrefix = {arXiv},
  eprint = {1806.07498},
  timestamp = {Mon, 13 Aug 2018 16:49:13 +0200},
  biburl = {https://dblp.org/rec/bib/journals/corr/abs-1806-07498},
  bibsource = {dblp computer science bibliography, https://dblp.org}
}

@article{liaw:2002,
    title = {Classification and Regression by randomForest},
    author = {Andy Liaw and Matthew Wiener},
    journal = {R News},
    year = {2002},
    volume = {2},
    number = {3},
    pages = {18-22},
    url = {https://CRAN.R-project.org/doc/Rnews/},
}

@phdthesis{ming:2017, 
  title = {{A Survey on Visualization for Explainable Classifiers}}, 
  author = {Ming, Yao}, 
  year = {2017}
}

@article{mohseni:2018, 
  author = {Mohseni, Sina and Zarei, Niloofar and Ragan, Eric D}, 
  title = {A Survey of Evaluation Methods and Measures for Interpretable 
  Machine Learning}, 
  eprint = {1811.11839}, 
  year = {2018}
}

@book{molnar:2019, 
  author = {Christopher Molnar}, 
  title = {Interpretable Machine Learning},
  year = {2019}
}

@article{nrc:2009, 
  author = {{Committee on Identifying the Needs of the
  Forensic Sciences, National Research Council}}, 
  title = {Strengthening Forensic Science in the United States: 
  A Path Forward}, 
  journal = {National Academies Press},
  year = {2009}
}

@online{pcast:2016,
  title = {Report on Forensic Science in Criminal Courts: Ensuring
  Scientific Validity of Feature-Comparison Methods},
  author = {{President's Council of Advisors on Science and Technology}},
  year = {2016},
  url = {https://obamawhitehouse.archives.gov/sites/default/files/microsites/ostp/PCAST/pcast_forensic_science_report_final.pdf},
  urldate = {2016-09-24}
}

@manual{pedersen:2020,
  title = {lime: Local Interpretable Model-Agnostic Explanations},
  author = {Thomas Lin Pedersen and Michaël Benesty},
  year = {2020},
  note = {https://lime.data-imaginist.com, https://github.com/thomasp85/lime}
}

@inproceedings{ribeiro:2016,
  author = {Marco Tulio Ribeiro and Sameer Singh and Carlos Guestrin},
  title = {"Why Should {I} Trust You?": Explaining the Predictions of
  Any Classifier},
  booktitle = {Proceedings of the 22nd {ACM} {SIGKDD} International
  Conference on Knowledge Discovery and Data Mining, San Francisco, CA,
  USA, August 13-17, 2016},
  pages = {1135--1144},
  year = {2016},
}

@article{sapra:2014, 
  author = {Sapra, R.L.}, 
  title = {Using R2 with caution}, 
  issn = {2352-0817}, 
  doi = {10.1016/j.cmrp.2014.06.002},
  pages = {130--134}, 
  number = {3}, 
  volume = {4}, 
  journal = {Current Medicine Research and Practice}, 
  year = {2014}
}

@article{simon:2011,
  title = {Regularization Paths for Cox's Proportional Hazards Model via
  Coordinate Descent},
  author = {Noah Simon and Jerome Friedman and Trevor Hastie and
  Rob Tibshirani},
  journal = {Journal of Statistical Software},
  year = {2011},
  volume = {39},
  number = {5},
  pages = {1--13},
  url = {http://www.jstatsoft.org/v39/i05/},
}

@article{simons:1997,
	title = {Change blindness},
	volume = {1},
	issn = {1364-6613},
	url = {http://www.sciencedirect.com/science/article/pii/S1364661397010802},
	doi = {10.1016/S1364-6613(97)01080-2},
	number = {7},
	urldate = {2019-06-28},
	journal = {Trends in Cognitive Sciences},
	author = {Simons, Daniel J. and Levin, Daniel T.},
	month = oct,
	year = {1997},
	pages = {261--267},
}

@article{simonyan:2013,
  author = {Simonyan, Karen and Vedaldi, Andrea and Zisserman, Andrew}, 
  title = {{Deep Inside Convolutional Networks: Visualising Image 
  Classification Models and Saliency Maps}}, 
  eprint = {1312.6034}, 
  year = {2013}
}

@article{strumbelj:2014, 
  author = {Štrumbelj, Erik and Kononenko, Igor}, 
  title = {Explaining prediction models and individual predictions 
  with feature contributions}, 
  issn = {0219-1377}, 
  doi = {10.1007/s10115-013-0679-x},
  pages = {647--665}, 
  number = {3}, 
  volume = {41}, 
  journal = {Knowledge and Information Systems},
  year = {2014}
}

@incollection{sweller:2011,
  title = "CHAPTER TWO - Cognitive Load Theory",
  editor = "Jose P. Mestre and Brian H. Ross",
  series = "Psychology of Learning and Motivation",
  publisher = "Academic Press",
  volume = "55",
  pages = "37 - 76",
  year = "2011",
  issn = "0079-7421",
  doi = "https://doi.org/10.1016/B978-0-12-387691-1.00002-8",
  url = "http://www.sciencedirect.com/science/article/pii/B9780123876911000028",
  author = "John Sweller"
}

@article{vanderplas:2020,
  author = {VanderPlas, Susan and Cook, Dianne and Hofmann, Heike},
  title = {Testing Statistical Charts: What Makes a Good Graph?},
  journal = {Annual Review of Statistics and Its Application},
  year = {2020},
  volume = {7},
  number = {1},
  pages = {61--88},
  month = mar,
  doi = {10.1146/annurev-statistics-031219-041252},
  language = {English},
  rating = {0},
  date-added = {2020-04-22T13:55:56GMT},
  date-modified = {2020-04-22T13:56:15GMT},
  url = {https://www.annualreviews.org/doi/10.1146/annurev-statistics-031219-041252},
  uri = {\url{papers3://publication/doi/10.1146/annurev-statistics-031219-041252}}
}

@article{welling:2016,
  author = {Welling, Soeren H and Refsgaard, Hanne H F and Brockhoff, Per 
  B and Clemmensen, Line H}, 
  title = {{Forest Floor Visualizations of Random Forests}}, 
  eprint = {1605.09196}, 
  year = {2016}
}

@article{wickham:2015, 
  author = {Wickham, Hadley and Cook, Dianne and Hofmann, Heike}, 
  title = {Visualizing statistical models: Removing the blindfold}, 
  issn = {1932-1872}, 
  doi = {10.1002/sam.11271}, 
  pages = {203--225}, 
  number = {4}, 
  volume = {8}, 
  journal = {Statistical Analysis and Data Mining: The ASA Data 
  Science Journal},
  year = {2015}
}

@article{yu:2018, 
  title = {Artificial intelligence in healthcare}, 
  author = {Yu, Kun-Hsing and Beam, Andrew L. and Kohane, Isaac S.}, 
  journal = {Nature Biomedical Engineering}, 
  abstract = {This Review summarizes the medical applications of 
  artificial intelligence, and its economic, legal and social 
  implications for healthcare.},
  volume = {2}, 
  pages = {719}, 
  issn = {2157-846X}, 
  eissn = {2157-846X}, 
  doi = {10.1038/s41551-018-0305-z}, 
  year = {2018}
}

