
@article{biasotti:1959,
  author = {Alfred A. Biasotti},
  title = {A Statistical Study of the Individual Characteristics of Fired Bullets},
  journal = {Journal of Forensic Sciences},
  volume = 4,
  number = 1,
  year = 1959,
  pages = {34--50}
}

@article{hamby:2009, 
  author = {Hamby, James E. and Brundage, David J. and Thorpe, James W.},
  title = {{The Identification of Bullets Fired from 10 Consecutively
  Rifled 9mm Ruger Pistol Barrels: A Research Project Involving 507
  Participants from 20 Countries}},
  pages = {99--110}, 
  number = {2}, 
  volume = {41}, 
  journal = {AFTE Journal},
  local-url = {file://localhost/Users/katherinegoode/Documents/Papers%20Library/Hamby-2009-AFTE%20Journal.pdf}, 
  year = {2009}
}

@article{hare:2017,
  author = "Hare, Eric and Hofmann, Heike and Carriquiry, Alicia",
  doi = {10.1214/17-AOAS1080},
  fjournal = "The Annals of Applied Statistics",
  journal = "Annals of Applied Statistics",
  month = "12",
  number = "4",
  pages = "2332--2356",
  publisher = "The Institute of Mathematical Statistics",
  title = "Automatic matching of bullet land impressions",
  volume = "11",
  year = "2017"
}
